<record><leader>00000cas a22000007a 4500</leader><controlfield tag="001">14763129</controlfield><controlfield tag="008">861118d18921894ksuwr ne      0    0eng d</controlfield><datafield ind1=" " ind2=" " tag="010"><subfield code="a">sn 86064058 </subfield></datafield><datafield ind1=" " ind2=" " tag="040"><subfield code="a">KSH</subfield><subfield code="b">eng</subfield><subfield code="c">KSH</subfield><subfield code="d">NPT</subfield><subfield code="d">OCLCQ</subfield></datafield><datafield ind1=" " ind2=" " tag="042"><subfield code="a">msc</subfield></datafield><datafield ind1="0" ind2=" " tag="130"><subfield code="a">Vidette (Highland, Kan.)</subfield></datafield><datafield ind1="1" ind2="4" tag="245"><subfield code="a">The vidette.</subfield></datafield><datafield ind1=" " ind2=" " tag="260"><subfield code="a">Highland, Kan. :</subfield><subfield code="b">H.S. and Irvin Hogue,</subfield><subfield code="c">1892-1894.</subfield></datafield><datafield ind1=" " ind2=" " tag="300"><subfield code="a">3 v. :</subfield><subfield code="b">ill. (chiefly advertisements) ;</subfield><subfield code="c">28-54 cm.</subfield></datafield><datafield ind1=" " ind2=" " tag="310"><subfield code="a">Weekly</subfield></datafield><datafield ind1="0" ind2=" " tag="362"><subfield code="a">Vol. 1, no. 3 (Mar. 3, 1892)-v. 3, no. 36 (Oct. 18, 1894).</subfield></datafield><datafield ind1=" " ind2=" " tag="500"><subfield code="a">"Republican."</subfield></datafield><datafield ind1=" " ind2=" " tag="515"><subfield code="a">Vol. 3, no. 37 not published.</subfield></datafield><datafield ind1=" " ind2=" " tag="752"><subfield code="a">United States</subfield><subfield code="b">Kansas</subfield><subfield code="c">Doniphan</subfield><subfield code="d">Highland.</subfield></datafield><datafield ind1="0" ind2="0" tag="780"><subfield code="t">Highland vidette</subfield><subfield code="w">(DLC)sn 84029491</subfield></datafield><datafield ind1="0" ind2="0" tag="785"><subfield code="t">Highland vidette (Highland, Kan.)</subfield><subfield code="w">(DLC)sn 84029493</subfield></datafield></record>